@book{si,
  author = {Ambler Thompson and Barry N. Taylor},
  title = {Guide for the Use of the International System of Units (SI); Natl. Inst. Stand. Technol. Spec. Publ. 811, 2008 ed},
  year = 2008,
  publisher = {National Institute of Standards and Technology},
}

@inproceedings{villar,
  title={Scalars are universal: Equivariant machine learning, structured like classical physics},
  author={Villar, Soledad and Hogg, David W and Storey-Fisher, Kate and Yao, Weichi and Blum-Smith, Ben},
  booktitle={Thirty-Fifth Conference on Neural Information Processing Systems},
  year={2021}
}

@article{yao,
  title={A simple equivariant machine learning method for dynamics based on scalars},
  author={Yao, Weichi and Storey-Fisher, Kate and Hogg, David W and Villar, Soledad},
  journal={arXiv preprint arXiv:2110.03761},
  year={2021}
}

@article{norton,
  title={How {Einstein} found his field equations: 1912-1915},
  author={Norton, John},
  journal={Historical studies in the physical sciences},
  volume={14},
  number={2},
  pages={253--316},
  year={1984},
  publisher={JSTOR}
}

@article{astropy,
  title={The Astropy project: building an open-science project and status of the v2. 0 core package},
  author={Price-Whelan, Adrian M and Sip{\H{o}}cz, BM and G{\"u}nther, HM and Lim, PL and Crawford, SM and Conseil, S and Shupe, DL and Craig, MW and Dencheva, N and Ginsburg, A and others},
  journal={The Astronomical Journal},
  volume={156},
  number={3},
  pages={123},
  year={2018},
  publisher={IOP Publishing}
}

@article{finzi,
  title={A Practical Method for Constructing Equivariant Multilayer Perceptrons for Arbitrary Matrix Groups},
  author={Finzi, Marc and Welling, Max and Wilson, Andrew Gordon},
  journal={arXiv preprint arXiv:2104.09459},
  year={2021}
}

@article{elesedy2021provably,
  title={Provably Strict Generalisation Benefit for Equivariant Models},
  author={Elesedy, Bryn and Zaidi, Sheheryar},
  journal={arXiv preprint arXiv:2102.10333},
  year={2021}
}

@article{elesedy_kernel,
  title={Provably Strict Generalisation Benefit for Invariance in Kernel Methods},
  author={Elesedy, Bryn},
  journal={arXiv preprint arXiv:2106.02346},
  year={2021}
}

@article{maron2018invariant,
  title={Invariant and equivariant graph networks},
  author={Maron, Haggai and Ben-Hamu, Heli and Shamir, Nadav and Lipman, Yaron},
  journal={arXiv preprint arXiv:1812.09902},
  year={2018}
}

@article{smidt2021euclidean,
  title={Euclidean symmetry and equivariance in machine learning},
  author={Smidt, Tess E},
  journal={Trends in Chemistry},
  volume={3},
  number={2},
  pages={82--85},
  year={2021},
  publisher={Elsevier}
}